<?xml version="1.0" encoding="UTF-8"?><record xmlns="http://www.loc.gov/MARC21/slim" xmlns:cinclude="http://apache.org/cocoon/include/1.0" xmlns:zs="http://www.loc.gov/zing/srw/">
  <leader>00412cz  a2200133n  4500</leader>
  <controlfield tag="001">n 2008074484</controlfield>
  <controlfield tag="003">DLC</controlfield>
  <controlfield tag="005">20081105080316.0</controlfield>
  <controlfield tag="008">081103n| acannaabn          |n aaa      </controlfield>
  <datafield tag="010" ind1=" " ind2=" ">
    <subfield code="a">n 2008074484</subfield>
  </datafield>
  <datafield tag="040" ind1=" " ind2=" ">
    <subfield code="a">DLC</subfield>
    <subfield code="b">eng</subfield>
    <subfield code="c">DLC</subfield>
    <subfield code="d">DLC</subfield>
  </datafield>
  <datafield tag="053" ind1=" " ind2="0">
    <subfield code="a">PR6123.A7</subfield>
  </datafield>
  <datafield tag="100" ind1="1" ind2=" ">
    <subfield code="a">Ward, Giles</subfield>
  </datafield>
  <datafield tag="670" ind1=" " ind2=" ">
    <subfield code="a">Ward, Giles. The price of everything, 2008:</subfield>
    <subfield code="b">t.p. (Giles Ward) p. facing t.p. (also the author of 100 ways to improve the world)</subfield>
  </datafield>
</record>